@string{te = "The~Economist"}


@ARTICLE{TheEconomist,
   AUTHOR  = {The Economist Online},
   TITLE   = {Russia's economy},  
   YEAR    = {2012},
   JOURNAL = te,
   howpublished = "\url{http://www.economist.com/blogs/graphicdetail/2011/12/focus-1}",
   note = "[доступна 11 марта 2012]"
}

@ARTICLE{WorldBank2011,
   AUTHOR  = {Всемирный банк в России},
   TITLE   = {Рост рисков и неопределенности. Доклад об экономике России № 26},  
   YEAR    = {Сентябрь 2011},
   JOURNAL = {Standard & Poor's},
   howpublished = "\url{http://www.worldbank.org/en/country/russia}",
   note = "[доступна 11 марта 2012]"
}



@ARTICLE{StandardPoor,
   AUTHOR  = {Рустем Фаляхов},
   TITLE   = {S&P: темпы роста экономики России замедлятся в этом году до 3,5%},  
   YEAR    = {2012},
   JOURNAL = {Standard & Poor's},
   howpublished = "\url{http://www.gazeta.ru/financial/2012/02/16/4002685.shtml}",
   note = "[доступна 11 марта 2012]"
}

 
@misc{ Nobody06,
       author = "Nobody Jr",
       title = "My Article",
       year = "2006" }

@BOOK{strunk,
   author = "Strunk, Jr., William and E. B. White",
   title = "The Elements of Style",
   publisher = "Macmillan",
   edition = "Third",
   year = 1979
   }


@Article{Narendra_1990,
  author =       {K.S.Narendra and K.Parthsarathy},
  title =        {Identification and Control of Dynamical System
                  using Neural Networks},
  journal =      "IEENN",
  year =         {1990},
  volume =    {1},
  number =    {1},
  month =     {},
  pages =     {4-27},
  note =      {},
  annote =    {}
}